<?xml version="1.0" encoding="UTF-8"?><collection xmlns="http://www.loc.gov/MARC21/slim"><record><leader>00436nam--2200157-i-4500</leader><controlfield tag="001">000034251</controlfield><controlfield tag="002">20161230</controlfield><controlfield tag="005">20161230201039</controlfield><controlfield tag="008">060222s1000------------r-----000-0-eng-d</controlfield><datafield ind1=" " ind2=" " tag="100"><subfield code="a">Munroe M.E</subfield></datafield><datafield ind1=" " ind2=" " tag="245"><subfield code="a">Introduction to measure and integration</subfield></datafield><datafield ind1=" " ind2=" " tag="260"><subfield code="a">Cambridge, Addison-wesley Publ.Co. Inc. 1953,</subfield></datafield><datafield ind1=" " ind2=" " tag="300"><subfield code="a">X + 310P</subfield></datafield><datafield ind1=" " ind2=" " tag="490"><subfield code="a">Addison-wesley Mathematics Series</subfield></datafield><datafield ind1=" " ind2=" " tag="852"><subfield code="a">11539</subfield><subfield code="c">517.3</subfield></datafield><datafield ind1=" " ind2=" " tag="CAT"><subfield code="a">Sys</subfield><subfield code="c">20080717</subfield><subfield code="h">073615</subfield></datafield></record></collection>